@article {Pope1997,
    AUTHOR = {Pope, S. B.},
     TITLE = {Computationally efficient implementation of combustion
              chemistry using in situ adaptive tabulation},
   JOURNAL = {Combust. Theory Model.},
  FJOURNAL = {Combustion Theory and Modelling},
    VOLUME = {1},
      YEAR = {1997},
    NUMBER = {1},
     PAGES = {41--63},
      ISSN = {1364-7830},
   MRCLASS = {80-08 (80A25 80A32)},
  MRNUMBER = {1447053},
       DOI = {10.1088/1364-7830/1/1/006},
       URL = {https://doi.org/10.1088/1364-7830/1/1/006}
}

@article {SingerPope2004,
    AUTHOR = {Singer, M. A. and Pope, S. B.},
     TITLE = {Exploiting {ISAT} to solve the reaction-diffusion equation},
   JOURNAL = {Combust. Theory Model.},
  FJOURNAL = {Combustion Theory and Modelling},
    VOLUME = {8},
      YEAR = {2004},
    NUMBER = {2},
     PAGES = {361--383},
      ISSN = {1364-7830},
   MRCLASS = {80M25 (35K57 65M06)},
  MRNUMBER = {2071470},
MRREVIEWER = {Corneliu Berbente},
       DOI = {10.1088/1364-7830/8/2/009},
       URL = {https://doi.org/10.1088/1364-7830/8/2/009}
}

@article {LuPope2009,
    AUTHOR = {Lu, Liuyan and Pope, Stephen B.},
     TITLE = {An improved algorithm for in situ adaptive tabulation},
   JOURNAL = {J. Comput. Phys.},
  FJOURNAL = {Journal of Computational Physics},
    VOLUME = {228},
      YEAR = {2009},
    NUMBER = {2},
     PAGES = {361--386},
      ISSN = {0021-9991},
   MRCLASS = {65D20 (68U99)},
  MRNUMBER = {2479928},
MRREVIEWER = {Gregory E. Fasshauer},
       DOI = {10.1016/j.jcp.2008.09.015},
       URL = {https://doi.org/10.1016/j.jcp.2008.09.015}
}


@article{HedengrenEdgar2008,
  author    = {John D. Hedengren and Thomas F. Edgar},
  title     = {Approximate nonlinear model predictive control with in situ adaptive
               tabulation},
  journal   = {Computers {\&} Chemical Engineering},
  volume    = {32},
  number    = {4-5},
  pages     = {706--714},
  year      = {2008},
  url       = {https://doi.org/10.1016/j.compchemeng.2007.02.010},
  doi       = {10.1016/j.compchemeng.2007.02.010},
  timestamp = {Mon, 05 Jun 2017 01:00:00 +0200},
  biburl    = {https://dblp.org/rec/bib/journals/cce/HedengrenE08},
  bibsource = {dblp computer science bibliography, https://dblp.org}
}

@article {WuDongLi2018,
    AUTHOR = {Wu, J. and Dong, G. and Li, B.},
     TITLE = {Parallel chemistry acceleration algorithms based on {ISAT}
              method in gaseous detonation computations},
   JOURNAL = {Comput. \& Fluids},
  FJOURNAL = {Computers \& Fluids. An International Journal},
    VOLUME = {167},
      YEAR = {2018},
     PAGES = {265--284},
      ISSN = {0045-7930},
   MRCLASS = {65M06 (76L05 76M20 76V05 80A25)},
  MRNUMBER = {3788545},
       DOI = {10.1016/j.compfluid.2018.03.036},
       URL = {https://doi.org/10.1016/j.compfluid.2018.03.036}
}

@article {HedengrenEdgar2018,
    AUTHOR = {J.D. Hedengren and T.F. Edgar},
     TITLE = {Parallel chemistry acceleration algorithms based on {ISAT} method in gaseous detonation computations},
   JOURNAL = {Ind. Eng. Chem. Res.},
  FJOURNAL = {Industrial & engineering chemistry research},
    VOLUME = {44},
    NUMBER = {8},
      YEAR = {2005},
     PAGES = {2716--2724},
       DOI = {0.1021/ie049322s},
       URL = {https://doi.org/10.1021/ie049322s}
}

@article {Chen2018,
    AUTHOR = {J.-Y. Chen},
     TITLE = {Analysis of in situ adaptive tabulation performance for combustion chemistry and improvement with a modified search algorithm},
   JOURNAL = {Combustion Science and Technology},
  FJOURNAL = {Combustion Science and Technology},
    VOLUME = {176},
    NUMBER = {7},
      YEAR = {2005},
     PAGES = {1153--1169},
        DOI = {10.1080/00102200490426488},
       URL = {https://doi.org/10.1080/00102200490426488}
}

@article {ChristoMasriNebot1996,
    AUTHOR = {Christo, F.C. and Masri, A.R. and Nebot, E.M.},
     TITLE = {Artificial neural network implementation of chemistry with PDF simulation of H2=CO2 flames},
   JOURNAL = {Combust. Flame},
  FJOURNAL = {Combustion Flame},
    VOLUME = {106},
      YEAR = {1996},
     PAGES = {406--427}
}

@article {Blascoetall1998,
    AUTHOR = {Blasco, J.A. and Fueyo, N. and Dopazo, C. and Ballester, J.},
     TITLE = {Modelling the temporal evolution of a reduced combustion chemical system with an artificial neural network},
   JOURNAL = {Combust. Flame},
  FJOURNAL = {Combustion Flame},
    VOLUME = {113},
      YEAR = {1998},
     PAGES = {38--52}
}


@article {TonseMoriartyBrownFrenklach2013,
    AUTHOR = {S. R. Tonse  and N. W. Moriarty and N.J. Brown and M. Frenklach},
     TITLE = {PRISM: Piecewise Reusable Implementation of Solution Mapping. An Economical Strategy for Chemical Kinetics},
   JOURNAL = {Israel Journal of Chemistry},
  FJOURNAL = {Israel Journal of Chemistry},
    VOLUME = {39},
      YEAR = {1999},
     PAGES = {97--106}
}

@article {Turanyi1994,
    AUTHOR = {Turanyi, T.},
     TITLE = {Parameterization of reaction mechanisms using orthonormal polynomials},
   JOURNAL = {Comput. Chem.},
  FJOURNAL = {Computational Chemistry},
    VOLUME = {18},
      YEAR = {1994},
     PAGES = {45--54}
}

@misc{autodiff2018,
author = {Leal, A. M.M.},
booktitle = {https://autodiff.github.io/},
doi = {https://autodiff.github.io/},
title = {autodiff, C++ library for automatic differentiation},
url = {https://autodiff.github.io/},
year = {2018}
}


@article{Dong2007,
author = {Dong, G. and Fan, B. C. and Chen, Y. L.},
title = {{Acceleration of chemistry computations in two-dimensional detonation induced by shock focusing using reduced ISAT}},
doi = {10.1080/13647830701316657},
isbn = {1364783070131},
issn = {13647830},
journal = {Combustion Theory and Modelling},
keywords = {Combustion chemistry,Computational accuracy and efficiency,Detonation,In situ adaptive tabulation,Transient reactive flow},
number = {5},
pages = {823--837},
volume = {11},
year = {2007}
}

@article{Dong2009,
author = {Dong, Gang and Fan, Baochun},
title = {{Chemistry acceleration modeling of detonation based on the dynamical storage/deletion algorithm}},
doi = {10.1080/00102200903181744},
issn = {00102202},
journal = {Combustion Science and Technology},
keywords = {Chemistry acceleration,Computational efficiency and accuracy,Detonation simulation,Nodal deletion mode},
number = {9},
pages = {1207--1216},
volume = {181},
year = {2009}
}

@article{Wu2018,
author = {Wu, Jintao and Dong, Gang and Li, Baoming},
doi = {10.1016/j.compfluid.2018.03.036},
issn = {00457930},
journal = {Computers and Fluids},
keywords = {Chemistry acceleration,Compressible reactive flows,Detonation,In situ adaptive tabulation,Parallel strategy},
pages = {265--284},
publisher = {Elsevier Ltd},
title = {{Parallel chemistry acceleration algorithms based on ISAT method in gaseous detonation computations}},
url = {https://doi.org/10.1016/j.compfluid.2018.03.036},
volume = {167},
year = {2018}
}
@article{Ren2013,
author = {Ren, Zhuyin and Liu, Yufeng and Xu, Chao and Lu, Tianfeng and Goldin, Graham M.},
doi = {10.1016/j.combustflame.2013.08.018},
isbn = {9781627488426},
issn = {00102180},
journal = {8th US National Combustion Meeting 2013},
keywords = {Adaptive chemistry,Detailed chemical kinetics,Directed relation graph,Operator splitting,Tabulation},
number = {1},
pages = {269--282},
publisher = {The Combustion Institute.},
title = {{The use of dynamic adaptive chemistry and tabulation in reactive flow simulations}},
url = {http://dx.doi.org/10.1016/j.combustflame.2013.08.018},
volume = {1},
year = {2013}
}

@article{Laloy2019,
author = {Laloy, Eric and Jacques, Diederik},
doi = {10.1007/s10596-019-09875-y},
eprint = {1809.07305},
issn = {1420-0597},
journal = {Computational Geosciences},
keywords = {Emulation,Machine learning,Surrogate model,Reactive transport models,Gaussian processes,Polynomial chaos expansion,Deep neural networks,Sensitivity analysis,Uncertainty propagation,Inverse modeling,deep neural networks,emulation,gaussian processes,inverse modeling,machine learning,polynomial chaos expansion,reactive transport models,sensitivity analysis,surrogate model,uncertainty propagation},
pages = {1193--1215},
publisher = {Computational Geosciences},
title = {{Emulation of CPU-demanding reactive transport models: a comparison of Gaussian processes, polynomial chaos expansion, and deep neural networks}},
year = {2019}
}